<record><leader>02684cam a2200457 i 4500</leader><controlfield tag="001">6815602</controlfield><controlfield tag="003">OCoLC</controlfield><controlfield tag="005">20150223113907.0</controlfield><controlfield tag="008">141023t20152015mduab    b    001 0deng  </controlfield><datafield ind1=" " ind2=" " tag="010"><subfield code="a">  2014023939</subfield></datafield><datafield ind1=" " ind2=" " tag="015"><subfield code="a">GBB502390</subfield><subfield code="2">bnb</subfield></datafield><datafield ind1="7" ind2=" " tag="016"><subfield code="a">017002419</subfield><subfield code="2">Uk</subfield></datafield><datafield ind1=" " ind2=" " tag="020"><subfield code="a">9781442208711 (hbk. : alkaline paper)</subfield></datafield><datafield ind1=" " ind2=" " tag="020"><subfield code="a">1442208716 (hbk. : alkaline paper)</subfield></datafield><datafield ind1=" " ind2=" " tag="020"><subfield code="z">9781442208735 (electronic)</subfield></datafield><datafield ind1=" " ind2=" " tag="035"><subfield code="a">ocn893721501</subfield></datafield><datafield ind1=" " ind2=" " tag="040"><subfield code="a">DLC</subfield><subfield code="b">eng</subfield><subfield code="e">rda</subfield><subfield code="c">DLC</subfield><subfield code="d">IG#</subfield><subfield code="d">BDX</subfield><subfield code="d">IMF</subfield><subfield code="d">YDXCP</subfield><subfield code="d">UKMGB</subfield><subfield code="d">SGB</subfield><subfield code="d">WIH</subfield><subfield code="d">UAB</subfield><subfield code="d">AEU</subfield></datafield><datafield ind1=" " ind2=" " tag="043"><subfield code="a">n-us---</subfield></datafield><datafield ind1="0" ind2="0" tag="050"><subfield code="a">E443</subfield><subfield code="b">.W47 2015</subfield></datafield><datafield ind1="0" ind2="0" tag="082"><subfield code="a">306.3/620820973</subfield><subfield code="2">23</subfield></datafield><datafield ind1=" " ind2=" " tag="090"><subfield code="a">E 443 W47 2015</subfield><subfield code="b">AEU</subfield></datafield><datafield ind1="1" ind2=" " tag="100"><subfield code="a">West, Emily,</subfield><subfield code="d">1971-</subfield><subfield code="e">author.</subfield></datafield><datafield ind1="1" ind2="0" tag="245"><subfield code="a">Enslaved women in America :</subfield><subfield code="b">from colonial times to Emancipation /</subfield><subfield code="c">Emily West.</subfield></datafield><datafield ind1=" " ind2="1" tag="264"><subfield code="a">Lanham :</subfield><subfield code="b">Rowman &amp; Littlefield,</subfield><subfield code="c">[2015]</subfield></datafield><datafield ind1=" " ind2="4" tag="264"><subfield code="c">&#169;2015</subfield></datafield><datafield ind1=" " ind2=" " tag="300"><subfield code="a">ix, 157 pages :</subfield><subfield code="b">illustrations, maps ;</subfield><subfield code="c">24 cm.</subfield></datafield><datafield ind1=" " ind2=" " tag="336"><subfield code="a">text</subfield><subfield code="b">txt</subfield><subfield code="2">rdacontent</subfield></datafield><datafield ind1=" " ind2=" " tag="337"><subfield code="a">unmediated</subfield><subfield code="b">n</subfield><subfield code="2">rdamedia</subfield></datafield><datafield ind1=" " ind2=" " tag="338"><subfield code="a">volume</subfield><subfield code="b">nc</subfield><subfield code="2">rdacarrier</subfield></datafield><datafield ind1="1" ind2=" " tag="490"><subfield code="a">The African American history series</subfield></datafield><datafield ind1=" " ind2=" " tag="504"><subfield code="a">Includes bibliographical references and index.</subfield></datafield><datafield ind1="0" ind2=" " tag="505"><subfield code="a">Chronology -- Introduction -- Enslaving African women -- Enslaved women in the colonial era -- Enslaved women in the Revolutionary era and early Republic -- Enslaved women in the antebellum South -- Enslaved women in the Civil War -- Epilogue -- Documents.</subfield></datafield><datafield ind1=" " ind2=" " tag="520"><subfield code="a">"More than a century after Emancipation, no comprehensive overview of the history of the female American slave exists. In this book, historian Emily West offers the first comprehensive overview of the lives of enslaved women in America by placing their stories within the broader context of slavery in this country from the colonial era through to the end of the Civil War. She compares the lives of enslaved women with the lives of enslaved men from the same period, and with the white men and women who unjustly held them in bondage. West's thorough research and eye for detail construct a narrative of the enslaved woman's life, giving voice to and revealing the significance of a singularly strong but largely overlooked member of early American society"--Publisher.</subfield></datafield><datafield ind1=" " ind2=" " tag="596"><subfield code="a">16</subfield></datafield><datafield ind1=" " ind2="0" tag="650"><subfield code="a">Women slaves</subfield><subfield code="z">United States</subfield><subfield code="x">History.</subfield></datafield><datafield ind1=" " ind2="0" tag="650"><subfield code="a">African American women</subfield><subfield code="z">United States</subfield><subfield code="x">History.</subfield></datafield><datafield ind1=" " ind2="0" tag="650"><subfield code="a">Slavery</subfield><subfield code="z">United States</subfield><subfield code="x">History.</subfield></datafield><datafield ind1=" " ind2="0" tag="651"><subfield code="a">United States</subfield><subfield code="x">Race relations</subfield><subfield code="x">History.</subfield></datafield><datafield ind1=" " ind2="0" tag="830"><subfield code="a">African American history series (Lanham, Md.)</subfield></datafield><datafield ind1=" " ind2=" " tag="949"><subfield code="a">E 443 W47 2015</subfield><subfield code="h">UAAU-B</subfield><subfield code="i">0162035249463</subfield></datafield><datafield ind1=" " ind2=" " tag="926"><subfield code="a">E 443 W47 2015</subfield><subfield code="w">LC</subfield><subfield code="c">1</subfield><subfield code="i">0162034579985</subfield><subfield code="d">12/2/2015</subfield><subfield code="e">11/4/2015</subfield><subfield code="l">ON_SHELF</subfield><subfield code="m">UAAUG</subfield><subfield code="n">2</subfield><subfield code="p">$150.00</subfield><subfield code="r">Y</subfield><subfield code="s">Y</subfield><subfield code="t">BOOK</subfield><subfield code="u">3/4/2015</subfield></datafield></record>